<?xml version="1.0" encoding="UTF-8"?><collection xmlns="http://www.loc.gov/MARC21/slim"><record><leader>00423nam--2200133-i-4500</leader><controlfield tag="001">000003642</controlfield><controlfield tag="002">20161230</controlfield><controlfield tag="005">20161230201025</controlfield><controlfield tag="008">060222s1000------------r-----000-0-eng-d</controlfield><datafield ind1=" " ind2=" " tag="100"><subfield code="a">Blume, L.F</subfield></datafield><datafield ind1=" " ind2=" " tag="245"><subfield code="a">Boyljian, a</subfield></datafield><datafield ind1=" " ind2=" " tag="260"><subfield code="a">Transformer Engineering. A Treatise On The The Ory, Operation And Application Of Transformers . Second Edition</subfield></datafield><datafield ind1=" " ind2=" " tag="490"><subfield code="a">New York, John Wiley &amp; Sons, Inc., 1951. Ix + 500 P</subfield></datafield><datafield ind1=" " ind2=" " tag="852"><subfield code="a">621.314</subfield></datafield></record></collection>